
%%%%% 1989

@Book{am:iac,
  author =       {Atiyah, M.~F. and Macdonald, I.~G.},
  ALTeditor =    {},
  title =        {Introducci\'on al \'algebra conmutativa},
  publisher =    {Revert\'e},
  year =         {1989},
  OPTkey =       {},
  OPTvolume =    {},
  OPTnumber =    {},
  OPTseries =    {},
  OPTaddress =   {},
  OPTedition =   {},
  OPTmonth =     {},
  OPTnote =      {},
  OPTannote =    {}
}

%%%%% 1995

http://dl.acm.org/citation.cfm?id=572932&coll=DL&dl=GUIDE&CFID=220528208&CFTOKEN=60188388
@book{Schneier:1995:ACP:572932,
 author = {Schneier, Bruce},
 editor = {Sutherland, Phil},
 title = {Applied Cryptography: Protocols, Algorithms, and Source Code in C},
 year = {1995},
 isbn = {0471128457},
 edition = {2nd},
 publisher = {John Wiley \& Sons, Inc.},
 address = {New York, NY, USA},
} 

%%%%% 1996

@MISC{BS96,
    author = {Bruce Schneier},
    title = {Applied cryptography}
}

%%%%% 2001

http://dl.acm.org/citation.cfm?id=559404&coll=DL&dl=GUIDE&CFID=220528208&CFTOKEN=60188388
Tanenbaum:2001:DSP:559404,
@book{TanenbaumDistrEd1,
 author = {Tanenbaum, Andrew S. and Steen, Maarten Van},
 title = {Distributed Systems: Principles and Paradigms},
 year = {2001},
 isbn = {0130888931},
 edition = {1st},
 publisher = {Prentice Hall PTR},
 address = {Upper Saddle River, NJ, USA},
} 

%%%%% 2002

@BOOK{TanenbaumDistr,
    author = {Andrew S. Tanenbaum and Maarten van Steen},
    title = {Distributed systems, Principles and Paradigms},
    publisher = {Prentice Hall},
    year = {2002},
    note = {International Edition}
}

@Book{Daemen:2002:DRA,
    author = {Joan Daemen and Vincent Rijmen},
    title = {The design of {Rijndael}: {AES} --- the {advanced Encryption Standard}},
    publisher = {Spring{\-}er-Ver{\-}lag},
    pages = {238},
    year = {2002},
    ISBN = {3-540-42580-2}
}

%%%%% 2003

@Book{DAS_guide,
    author = {Darrel Hankerson and Alfred Menezes and Scott Vanstone},
    title = {Guide to Elliptic Curve Cryptography},
    publisher = {Springer},
    year = {2003}
}

http://dl.acm.org/citation.cfm?id=862117&coll=DL&dl=GUIDE&CFID=220528208&CFTOKEN=60188388
Ferguson:2003:PC:862117,
@book{PractCryptoSchneier,
 author = {Ferguson, Niels and Schneier, Bruce},
 title = {Practical Cryptography},
 year = {2003},
 isbn = {047122894X},
 publisher = {John Wiley \& Sons, Inc.},
 address = {New York, NY, USA},
} 

%%%%% 2006

@BOOK{TalmanAccelerators,
    author = {Richard Talman},
    title = {Accelerator X-Ray Sources},
    publisher = {Wiley-VCH},
    year = {2006}
}

@BOOK{COHEN,
    author = {Henri Cohen and Gerhard Frey},
    title = {Handbook of Elliptic and Hyperelliptic Curve Cryptography},
    publisher = {Chapman & Hall},
    year = {2006}
}

%%%%% 2007

@book{Stamp:2007:ACB:1207739,
 author = {Stamp, Mark and Low, Richard M.},
 title = {Applied Cryptanalysis: Breaking Ciphers in the Real World},
 year = {2007},
 isbn = {047011486X},
 publisher = {Wiley-Interscience},
} 

http://dblp.uni-trier.de/rec/bibtex/books/daglib/0019513
DBLP:books/daglib/0019513,
@book{TanenbaumDistrEd2,
  author    = {Andrew S. Tanenbaum and
               Maarten van Steen},
  title     = {Distributed systems - principles and paradigms (2. ed.)},
  publisher = {Pearson Education},
  year      = {2007},
  isbn      = {978-0-13-239227-3},
  pages     = {I-XVIII, 1-686},
  bibsource = {DBLP, http://dblp.uni-trier.de}
}

%%%%% 2008

@Book{EC&NT&crypt,
    author = {Lawrence C. Washington},
    title = {Elliptic Curves, Number Theory and Cryptography},
    publisher = {CRC Press},
    year = {2008},
}

http://www.dblp.org/rec/bibtex/books/daglib/0020262
DBLP:books/daglib/0020262,
@book{SecEngRossAnderson,
  author    = {Ross J. Anderson},
  title     = {Security engineering - a guide to building dependable distributed
               systems (2. ed.)},
  publisher = {Wiley},
  year      = {2008},
  isbn      = {978-0-470-06852-6},
  pages     = {I-XL, 1-1040},
  bibsource = {DBLP, http://dblp.uni-trier.de}
}

%%%%% 2010

@book{cryptoEngineering,
  author = {Niels Ferguson and Bruce Schneier and Tadayoshi Kohno},
  title = {Cryptography Engineering: Design, principles and practical applications},
  publisher = {Wiley},
  year = {2010},
  isbn = {978-0-470-47424-2},
}