@article{shannon-MathTheoryComm,
  author = {Shannon, C.},
  title = {A Mathematical Theory of Communication},
  journal = {Bell System Technical Journal, Vol 27, pp. 379–423},
  year = 1948
}

@article{shannon-comTheorySecSys,
  author = {Shannon, C.},
  title = {Communication Theory of Secrecy Systems},
  journal = {Bell System Technical Journal, Vol 28, pp. 656–715},
  year = 1949
}

@MISC{Diffie76newdirections,
    author = {Whitfield Diffie and Martin E. Hellman},
    title = {New Directions in Cryptography},
    year = {1976}
}

@MISC{ElGamal85pkdlp,
    author = {Taher ElGamal},
    title = {A Public-Key Cryptosystem and a Signature Scheme Based on Discrete Logarithms},
    journal = {IEEE Transactions on Information Theory, v. IT-31, n. 4}
    year = {1985},
    pages = {469–472}
    publisher = {Springer-Verlag}
}

@article{lenstra2001selecting,
  title={Selecting cryptographic key sizes},
  author={Lenstra, Arjen K and Verheul, Eric R},
  journal={Journal of cryptology},
  volume={14},
  number={4},
  pages={255--293},
  year={2001},
  publisher={Springer}
}

@article{lenstra2004key,
  title={Key lengths},
  author={Lenstra, Arjen K},
  journal={Handbook of Information Security},
  volume={2},
  pages={617--635},
  year={2004}
}

@article{lenstrauniversal13,
    author = {Arjen K. Lenstra, Thorsten Kleinjung, Emmanuel Thomé},
    title = {Universal security; from bits and mips to pools, lakes -- and beyond},
    howpublished = {Cryptology ePrint Archive, Report 2013/635},
    year = {2013},
    note = {\url{http://eprint.iacr.org/}},
}