@MISC{Koblitz87ecc,
    author= {Neal Koblitz},
    title = {Elliptic curve cryptosystems},
    journal = {Mathematics of Computation},
    volume = {48},
    pages = {203--209},
    year = {1987}
}

@inproceedings{Miller86ecc,
 author = {Victor Miller},
 title = {Use of Elliptic Curves in Cryptography},
 booktitle = {CRYPTO '85: Advances in Cryptology},
 year = {1986},
 isbn = {3-540-16463-4},
 pages = {417--426},
 publisher = {Springer-Verlag},
 address = {London, UK},
 }

@article{Am:Ecpp,
  Author =       {Atkin, A.~O.~L. and Morain, F.},
  title =        {Elliptic curves and primality proving},
  journal =      {Journal of the ACM},
  year =         {1993},
  OPTkey =       {},
  OPTvolume =    {???},
  number =       {0025-5718/93},
  pages =        {29--68},
  OPTmonth =     {},
  OPTnote =      {},
  annote =       {Certificado de primalidad AM sobre curvas el\'{\i}pticas: ha conseguido certificar la primalidad de un primo de 1500 d\'{\i}gitos decimales (\emph{primos tit\'anicos}).}
}

@article{MR2085900,
    AUTHOR = {Miret, J. and Moreno, R. and Rio, A. and Valls, M.},
     TITLE = {Determining the 2-{S}ylow subgroup of an elliptic curve over a
              finite field},
   JOURNAL = {Math. Comp.},
  FJOURNAL = {Mathematics of Computation},
    VOLUME = {74},
      YEAR = {2005},
    NUMBER = {249},
     PAGES = {411--427 (electronic)},
      ISSN = {0025-5718},
     CODEN = {MCMPAF},
   MRCLASS = {11G20},
  MRNUMBER = {MR2085900 (2005d:11090)},
MRREVIEWER = {Christian Wittmann},
}

@InProceedings{amh:crpavff,
  author =       {Adleman, Leonard~M. and Huang, {Ming--Deh~A.}},
  title =        {{Counting Rational Points on Curves and Abelian Varieties over Finite Fields}},
  booktitle =    {Algebraic Number Theory Symposium, ANTS-II},
  OPTcrossref =  {},
  OPTkey =       {},
  pages =        {1--16},
  year =         {1996},
  editor =       {Cohen, Henri},
  volume =       {1122},
  OPTnumber =    {},
  series =       {LNCS},
  address =      {Talence},
  OPTmonth =     {},
  OPTorganization = {},
  publisher = {Springer-Verlag},
  OPTnote =      {},
  OPTannote =    {}
}

@INPROCEEDINGS{Akishita03zero-valuepoint,
    author = {Toru Akishita and Tsuyoshi Takagi},
    title = {Zero-Value Point Attacks on Elliptic Curve Cryptosystem},
    booktitle = {In: ISC 2003, vol 2851, Lecture Notes in Computer Science (LNCS},
    year = {2003},
    pages = {218--233},
    publisher = {Springer-Verlag}
}