@inproceedings{Gentry:2009:FHE:1536414.1536440,
 author = {Gentry, Craig},
 title = {Fully homomorphic encryption using ideal lattices},
 booktitle = {Proceedings of the 41st annual ACM symposium on Theory of computing},
 series = {STOC '09},
 year = {2009},
 isbn = {978-1-60558-506-2},
 location = {Bethesda, MD, USA},
 pages = {169--178},
 numpages = {10},
 url = {http://doi.acm.org/10.1145/1536414.1536440},
 doi = {10.1145/1536414.1536440},
 acmid = {1536440},
 publisher = {ACM},
 address = {New York, NY, USA},
 keywords = {fully homomorphic encryption},
} 

@incollection{SmartVecauteren10,
year={2010},
isbn={978-3-642-13012-0},
booktitle={Public Key Cryptography â€“ PKC 2010},
volume={6056},
series={Lecture Notes in Computer Science},
editor={Nguyen, PhongQ. and Pointcheval, David},
doi={10.1007/978-3-642-13013-7_25},
title={Fully Homomorphic Encryption with Relatively Small Key and Ciphertext Sizes},
url={http://dx.doi.org/10.1007/978-3-642-13013-7_25},
publisher={Springer Berlin Heidelberg},
author={Smart, N.P. and Vercauteren, F.},
pages={420-443}
}

@incollection{stehle2010faster,
  title={Faster fully homomorphic encryption},
  author={Stehl{\'e}, Damien and Steinfeld, Ron},
  booktitle={Advances in Cryptology-ASIACRYPT 2010},
  pages={377--394},
  year={2010},
  publisher={Springer}
}

@inproceedings{Naehrig:2011:HEP:2046660.2046682,
 author = {Naehrig, Michael and Lauter, Kristin and Vaikuntanathan, Vinod},
 title = {Can homomorphic encryption be practical?},
 booktitle = {Proceedings of the 3rd ACM workshop on Cloud computing security workshop},
 series = {CCSW '11},
 year = {2011},
 isbn = {978-1-4503-1004-8},
 location = {Chicago, Illinois, USA},
 pages = {113--124},
 numpages = {12},
 url = {http://doi.acm.org/10.1145/2046660.2046682},
 doi = {10.1145/2046660.2046682},
 acmid = {2046682},
 publisher = {ACM},
 address = {New York, NY, USA},
 keywords = {fully homomorphic encryption, lattices, magma, ring learning with errors},
} 

@article{iacr422,
    AUTHOR = {Dan Boneh nad Craig Bentry and Shai Halevi and Frank Wang and David J. Wu},
     TITLE = {Private database queries using somewhat homomorphic encryption},
   JOURNAL = {International Association for Cryptologic Research},
  FJOURNAL = {Cryptology ePrint},
     month = {June},
      YEAR = {2013},
    NUMBER = {422},
}

@article{Jaydip2013,
  author    = {Jaydip Sen},
  title     = {Homomorphic Encryption: Theory {\&}amp; Applications},
  journal   = {CoRR},
  volume    = {abs/1305.5886},
  year      = {2013},
  ee        = {http://arxiv.org/abs/1305.5886},
  bibsource = {DBLP, http://dblp.uni-trier.de}
}