@article{MR1919682,
    AUTHOR = {Miret, J. and Moreno, R. and Sadornil, D. and Tena, J. and
              Valls, M.},
     TITLE = {Isomorphism classes of elliptic curves with even order over a
              finite field},
   JOURNAL = {Int. Math. J.},
  FJOURNAL = {International Mathematical Journal},
    VOLUME = {2},
      YEAR = {2002},
    NUMBER = {9},
     PAGES = {931--942},
      ISSN = {1311-6797},
   MRCLASS = {11G20 (14G15 14G50)},
  MRNUMBER = {MR1919682 (2003e:11066)},
MRREVIEWER = {Christian Wittmann},
}

@MISC{VolcanIso,
    author = {J, Miret and D. Sadornil and J. Tena and R. Tom\`as and M. Valls},
    title = {Isogeny cordillera algorithm to obtain cryptographically good elliptic curves}
}

@article{comp2iso,
    AUTHOR = {Miret, J. and Moreno, R. and Sadornil, D. and Tena, J. and
              Valls, M.},
     TITLE = {An algorithm to compute volcanoes of 2-isogenies of elliptic
              curves over finite fields},
   JOURNAL = {Appl. Math. Comput.},
  FJOURNAL = {Applied Mathematics and Computation},
    VOLUME = {176},
      YEAR = {2006},
    NUMBER = {2},
     PAGES = {739--750},
      ISSN = {0096-3003},
     CODEN = {AMHCBQ},
   MRCLASS = {11G20 (11Y16 14G15)},
  MRNUMBER = {MR2232066},
}

@ARTICLE{Galbraith99constructingisogenies,
    author = {Steven D. Galbraith},
    title = {Constructing Isogenies Between Elliptic Curves Over Finite Fields},
    journal = {LMS J. Comput. Math},
    year = {1999},
    volume = {2},
    pages = {118--138}
}

@INPROCEEDINGS{Lercier00algorithmsfor,
    author = {R. Lercier and F. Morain},
    title = {Algorithms for computing isogenies between elliptic curves},
    booktitle = {Math. Comp},
    year = {2000},
    pages = {77--96},
    publisher = {American Mathematical Society, International Press}
}

@INPROCEEDINGS{Fouquet00isogenyvolcanoes,
    author = {M. Fouquet and F. Morain},
    title = {Isogeny volcanoes and the SEA algorithm},
    booktitle = {In ANTS-V, volume 2369 of LNCS},
    year = {2000},
    pages = {276--291},
    publisher = {Springer-Verlag}
}

@MISC{FastAlgoIso,
    author = {A. Bostan and F. Morain and B. Salvy and E. Schost},
    title = {Fast algorithms for computing isogenies between elliptic curves}
}

@MISC{Rostovtsev06public,
    author = {Alexander Rostovtsev and Er Rostovtsev and Anton Stolbunov},
    title = {Public-Key Cryptosystem Based On Isogenies},
    year = {2006}
}

@MISC{ParaIso,
    author = {S. Martinez and R. Tom\`as and C. Roig and M. Valls and R. Moreno},
    title = {Parallel Calculation of Volcanoes for Cryptographyc Uses}
}

@MISC{isoTFC,
    author = {R. Arias and J. Miret},
    title = {Implementaci\'on de un criptosistema de clave p\'ublica basado en estrellas de isogenias},
    note = {TFC Ingenier\'{\i}a Inform\'atica UdL},
    year = {2007},
    month = {Septembre}
}

@MISC{SubExpIso,
    title = {A Subexponential Algorithm for Evaluating Large Degree Isogenies},
    author = {David Jao and Vladimir Soukharev},
    year = {2010},
    month = {April},
    publisher = {ArXiv},
    note = {1002.4228v2},
}

@MISC{FastBetweenIso,
    title = {Fast algorithms for computing isogenies between ordinary elliptic curves in small characteristic},
    author = {Luca De Feo},
    year = {2010},
    month = {February},
    publisher = {arXiv},
    note = {1002.2597v1},
}