@MISC{Daemen98aesproposal:,
    author = {Joan Daemen and Joan Daemen and Joan Daemen and Vincent Rijmen and Vincent Rijmen},
    title = {AES Proposal: Rijndael},
    year = {1998}
}

@MISC{Federal_processingstandards,
    author = {Announcing The Federal},
    title = {Processing Standards Publication 197},
    year = {}
}

@book{Daemen:2002:DR:560131,
 author = {Daemen, Joan and Rijmen, Vincent},
 title = {The  Design of Rijndael},
 year = {2002},
 isbn = {3540425802},
 publisher = {Springer-Verlag New York, Inc.},
 address = {Secaucus, NJ, USA},
} 

@misc{cryptoeprint:2012:477,
    author = {Patrick Derbez and Pierre-Alain Fouque and Jérémy Jean},
    title = {Improved Key Recovery Attacks on Reduced-Round AES in the Single-Key Setting},
    howpublished = {Cryptology ePrint Archive, Report 2012/477},
    year = {2012},
    note = {\url{http://eprint.iacr.org/}},
}

@inproceedings{Daemen:1999:EBC:1267115.1267119,
 author = {Daemen, Joan and Rijmen, Vincent},
 title = {Efficient block ciphers for smartcards},
 booktitle = {Proceedings of the USENIX Workshop on Smartcard Technology on USENIX Workshop on Smartcard Technology},
 series = {WOST'99},
 year = {1999},
 location = {Chicago, Illinois},
 pages = {4--4},
 numpages = {1},
 url = {http://dl.acm.org/citation.cfm?id=1267115.1267119},
 acmid = {1267119},
 publisher = {USENIX Association},
 address = {Berkeley, CA, USA},
} 

@inproceedings{Daemen:1998:BCR:646692.759487,
 author = {Daemen, Joan and Rijmen, Vincent},
 title = {The Block Cipher Rijndael},
 booktitle = {Proceedings of the The International Conference on Smart Card Research and Applications},
 series = {CARDIS '98},
 year = {2000},
 isbn = {3-540-67923-5},
 pages = {277--284},
 numpages = {8},
 url = {http://dl.acm.org/citation.cfm?id=646692.759487},
 acmid = {759487},
 publisher = {Springer-Verlag},
 address = {London, UK, UK},
} 

