@MISC{BM03,
    author = {Sergi Blanch and Ramiro Moreno},
    title = {GnuPG Implementation with Elliptic Curves},
    year = {2003}
}

@MISC{BM04,
    author = {Sergi Blanch and Ramiro Moreno},
    title = {Implementaci\'o GnuPG con Curvas El\'{\i}pticas},
    year = {2004}
}

@MISC{BM06,
    author = {Sergi Blanch and Ramiro Moreno},
    title = {An\'alisis del cifrado ElGamal de un m\'odulo con curvas el\'ipticas propuesto para el GnuPG},
    year = {2006}
}

@MISC{BM08,
    author = {Sergi Blanch and Ramiro Moreno},
    title = {Criptografia lliure amb corbes el·líptiques},
    year = {2008}
}
<<<<<<< .mine

%Llibres
@MISC{BS96,
    author = {Bruce Schneier},
    title = {Appiled cryptography}
}

@MISC{COHEN,
    author = {Henri Cohen and Gerhard Frey},
    title = {Handbook of Elliptic and Hiperelliptic Curve Cryptography}
}


%% Tango area
@MISC{tangoControls,
    title = {Tango Controls},
    howpublished = {\url{http://www.tango-controls.org/}}
}

@MISC{tacoControls,
    title = {Taco Controls},
    howpublished = {\url{http://www.esrf.eu/Infrastructure/Computing/TACO}}
}=======
>>>>>>> .r151
