@MISC{_rfc3278,
    author = {S. Blake-Wilson and D. Brown and P. Lambert},
    title ={Use of Elliptic Curve Cryptography (ECC) Algorithms in Cryptographic Message Syntax (CMS)},
    year = {2002},
    month = {April}
}

@MISC{_rfc4492,
    author = {S. Blake-Wilson and N. Bolyard and V. Gupta and C. Hawk and B. Moeller},
    title = {Elliptic Curve Cryptography (ECC) Cipher Suites for Transport Layer Security (TLS)},
    year = {2006},
    month = {May}
}

@MISC{_rfc4880,
    author = {J. Callas and L. Donnerhacke and H. Finney and D. Shaw and R. Thayer},
    title = {OpenPGP Message Format},
    year = {2007},
    month = {November}
}

@MISC{OpenECC,
    author = {A. Jivsov},
    title = {ECC in OpenPGP},
    note =  {Internet Draft, OpenPGP working group at ieft}
}

@MISC{NIST180-2,
    title = {FIPS PUB 180-2, Secure Hash Standard (SHS)},
    note = {U.S.Department of Commerce/National Institute of Standards and Technology},
    year = {2002}
}

@MISC{NIST186-2,
    title = {FIPS PUB 186-2, Digital Signature Standard (DSS)},
    note = {U.S.Department of Commerce/National Institute of Standards and Technology},
    year = {2000},
    month = {January}
}

@MISC{NIST186-3,
    author = {Patrick Gallagher and Deputy Director Foreword and Cita Furlani Director},
    title = {FIPS PUB 186-3 Federal Information Processing Standards Publication Digital Signature Standard (DSS)},
    year = {2009}
    month = {June}
    note = {U.S.Department of Commerce/National Institute of Standards and Technology},
}

@MISC{NIST197,
    title = {FIPS PUB 197, Advanced Encryption Standard (AES)},
    note = {U.S.Department of Commerce/National Institute of Standards and Technology},
    year = {2001}
}

@MISC{P1363,
    title = {IEEE P1363 Standard Specifications for Public key Cryptography},
    year = {2000},
    month = {January}
}

@MISC{fiche17EU,
    title = {Exchange of EU classified information},
    year = {2003},
}

@MISC{brainpool,
    title = {ECC Brainpool Standard Curves and Curve Generation},
    year = {2005},
    month = {October}
}

@MISC{BSI_TR-03110,
    title = {BSI TR-03110: Advanced Security Mechanisms for Machine Readable Travel Documents},
}

@MISC{BSI_TR-03111,
    title = {BSI TR-03111: Elliptic Curve Cryptography, version 2.0}
}

@MISC{sec1,
    title = {SEC 1. Standards for Efficient Cryptography Group: Elliptic Curve Cryptography}
}

@MISC{sec2,
    title = {SEC 2. Standards for Efficient Cryptography Group: Recommended Elliptic Curve Domain Parameters}
}

@MISC{X9.62-1998,
    title = {ANSI X9.62, Public Key Cryptography For The Financial Services Industry: The Elliptic Curve Digital Signature Algorithm (ECDSA)}
    year = 1998
    month = {September}
    note = {American National Standards Institute, X9-Financial Services}
}

@MISC{GOSTR341001,
    title = {Information technology. Cryptographic data security. Signature and verification processes of digital signature.},
    year = {2001},
    note = {Gosudarstvennyi, Standard of Russian Federation, Government Committee of the Russia for Standards}
}