@inproceedings{bernstein2008chacha,
  title={ChaCha, a variant of Salsa20},
  author={Bernstein, Daniel J},
  booktitle={Workshop Record of SASC},
  year={2008}
}

@incollection{berbain2008sosemanuk,
  title={Sosemanuk, a fast software-oriented stream cipher},
  author={Berbain, C{\^o}me and Billet, Olivier and Canteaut, Anne and Courtois, Nicolas and Gilbert, Henri and Goubin, Louis and Gouget, Aline and Granboulan, Louis and Lauradoux, C{\'e}dric and Minier, Marine and others},
  booktitle={New Stream Cipher Designs},
  pages={98--118},
  year={2008},
  publisher={Springer}
}