@inproceedings{Rijmen:1996:CS:647931.740713,
 author = {Rijmen, Vincent and Daemen, Joan and Preneel, Bart and Bossalaers, Anton and Win, Erik De},
 title = {The Cipher SHARK},
 booktitle = {Proceedings of the Third International Workshop on Fast Software Encryption},
 year = {1996},
 isbn = {3-540-60865-6},
 pages = {99--111},
 numpages = {13},
 url = {http://dl.acm.org/citation.cfm?id=647931.740713},
 acmid = {740713},
 publisher = {Springer-Verlag},
 address = {London, UK, UK},
} 

