@misc{omniORB41,
    name = {omniORB user's guide},
    author = {Duncan Grisby},
    month = {July},
    year = {2009},
    url = {http://omniorb.sourceforge.net/omni41/omniORB.pdf},
}

@misc{zmq32,
    name = {Code connected Volume 1, Learning ZeroMQ, Professional Edition for C/C++},
    author = {Pieter Hintjens},
    month = {February},
    year = {2013},
    url = {http://hintjens.wdfiles.com/local--files/main:files/cc1pe.pdf},
}

@misc{rfc24zmq,
    name = {rfc.zeromq.org/spec:24,/ZMTP PLAIN Security Mechanism},
    author = {Pieter Hintjens},
    url = {http://rfc.zeromq.org/spec:24}
}

@misc{rfc25zmq,
    name = {rfc.zeromq.org/spec:25/ZMTP CURVE Security Mechanism},
    author = {Pieter Hintjens},
    url = {http://rfc.zeromq.org/spec:25}
}

@misc{rfc27zmq,
    name = {rfc.zeromq.org/spec:27/ZAP - ZeroMQ Authentication Protoco},
    author = {Pieter Hintjens},
    url = {http://rfc.zeromq.org/spec:27}
}

@misc{rfc34zmq,
    name = {rfc.zeromq.org/spec:34/SRPZMQ Authentication and Encryption Protocol},
    author = {Diego Duclos},
    url = {http://rfc.zeromq.org/spec:34}
}

@misc{tango81,
    name = {The Tango Control System Manual Version 8.1},
    author = {The Tango team},
    month = {July},
    year = {2013},
    url = {http://ftp.esrf.fr/pub/cs/tango/tango_81.pdf},
}